<?xml version="1.0" encoding="UTF-8"?><collection xmlns="http://www.loc.gov/MARC21/slim"><record><leader>00411nam--2200133-i-4500</leader><controlfield tag="001">000029096</controlfield><controlfield tag="002">20161230</controlfield><controlfield tag="005">20161230201037</controlfield><controlfield tag="008">060222s1000------------r-----000-0-eng-d</controlfield><datafield ind1=" " ind2=" " tag="080"><subfield code="a">530.145</subfield></datafield><datafield ind1=" " ind2=" " tag="100"><subfield code="a">Levinson, I.B., Vanagas, V.V.And Yutsis, A.P</subfield></datafield><datafield ind1=" " ind2=" " tag="245"><subfield code="a">Mathematical apparatus of the theory of angular momentum</subfield></datafield><datafield ind1=" " ind2=" " tag="260"><subfield code="a">Jerusalem, Israel Program For Scientific Translations, 1962, 158p</subfield></datafield><datafield ind1=" " ind2=" " tag="852"><subfield code="a">77254</subfield></datafield></record></collection>